<?xml version="1.0" encoding="UTF-8"?><collection xmlns="http://www.loc.gov/MARC21/slim"><record><leader>00482nam--2200181-i-4500</leader><controlfield tag="001">000024325</controlfield><controlfield tag="002">20161230</controlfield><controlfield tag="005">20170306151951</controlfield><controlfield tag="008">060222s1000------------r-----000-0-eng-d</controlfield><datafield ind1=" " ind2=" " tag="040"><subfield code="a">IFIN-HH</subfield></datafield><datafield ind1=" " ind2=" " tag="080"><subfield code="a">537.84</subfield></datafield><datafield ind1="1" ind2=" " tag="100"><subfield code="a">Hughes, W.F</subfield></datafield><datafield ind1="1" ind2="0" tag="245"><subfield code="a">The Electromagnetodynamics of fluids</subfield><subfield code="c">W.F. Hughes; F.J. Young</subfield></datafield><datafield ind1=" " ind2=" " tag="260"><subfield code="a">New York</subfield><subfield code="b">John Wiley And Sons, Inc</subfield><subfield code="c">1966</subfield></datafield><datafield ind1=" " ind2=" " tag="300"><subfield code="a">XI + 648 P</subfield></datafield><datafield ind1="1" ind2=" " tag="700"><subfield code="a">Young, F.J</subfield></datafield><datafield ind1=" " ind2=" " tag="852"><subfield code="a">76237</subfield><subfield code="c">537:538</subfield></datafield><datafield ind1=" " ind2=" " tag="CAT"><subfield code="a">SYS</subfield><subfield code="c">20170306</subfield><subfield code="h">151951</subfield></datafield></record></collection>